@MISC{grimmerEUROSYS13,
  title = {Enabling Dynamic Memory Management Support for MTC\
 on NVIDIA GPUs},
  author = {Benjamin Grimmer and Scott J. Krieder and Ioan Raicu},
  howpublished = {Poster Session, EuroSys},
  year = 2013,
}

@MISC{GK110,
  title = {NVIDIA Kepler GK110 Architecture Whitepaper},
  author = {NVIDIA},
  howpublished = {http://www.nvidia.com/content/PDF/kepler/NVIDIA-Kepler-GK110-Architecture-Whitepaper.pdf},
  year = 2012,
}

@MISC{Starr,
  title = {Starr Research Fellowship and Fieldhouse Research Fellowship},
  author = {IIT Research},
  howpublished = {http://www.iit.edu/research},
  year = 2012,
}

@inproceedings{wozniak13swift,
  title={Swift/T: Large-scale application composition via distributedmemory data flow processing},
  author={Wozniak, Justin M and Armstrong, Timothy G and Wilde, Michael and Katz, Daniel S and Lusk, Ewing and Foster, Ian T},
  booktitle={Proc. CCGrid},
  volume={13}
}

@inproceedings{zhao2007swift,
  title={Swift: Fast, reliable, loosely coupled parallel computation},
  author={Zhao, Yong and Hategan, Mihael and Clifford, Ben and Foster, Ian and Von Laszewski, Gregor and Nefedova, Veronika and Raicu, Ioan and Stef-Praun, Tiberiu and Wilde, Michael},
  booktitle={Services, 2007 IEEE Congress on},
  pages={199--206},
  year={2007},
  organization={IEEE}
}

@article{OOPS,
  title={Modeling large regions in proteins: Applications to loops, termini, and folding},
  author={Adhikari, Aashish N and Peng, Jian and Wilde, Michael and Xu, Jinbo and Freed, Karl F and Sosnick, Tobin R},
  journal={Protein Science},
  volume={21},
  number={1},
  pages={107--121},
  year={2012},
  publisher={Wiley Subscription Services, Inc., A Wiley Company}
}

@MISC{kriederGCASR12,
  title = {An Overview of Current and Future Computing Accelerator Architectures},
  author = {Scott J. Krieder and Ioan Raicu},
  howpublished = {1st Greater Chicago Area System Research Workshop Poster Session},
  year = 2012,
}

@MISC{kriederXSEDE12,
  title = {Early Experiences in running Many-Task Computing workloads on GPGPUs},
  author = {Scott J. Krieder and Benjamin Grimmer and Ioan Raicu},
  howpublished = {XSEDE Poster Session},
  year = 2012,
}

@inproceedings{raicu2008toward,
  title={Toward loosely coupled programming on petascale systems},
  author={Raicu, Ioan and Zhang, Zhao and Wilde, Mike and Foster, Ian and Beckman, Pete and Iskra, Kamil and Clifford, Ben},
  booktitle={Proceedings of the 2008 ACM/IEEE conference on Supercomputing},
  pages={22},
  year={2008},
  organization={IEEE Press}
}

@MISC{kriederSC12,
  title = {Towards the Support for Many-Task Computing on Many-Core
                  Computing Platforms},
  author = {Scott J. Krieder and Ioan Raicu},
  howpublished = {Doctoral Showcase, IEEE/ACM Supercomputing/SC},
  year = 2012,
}

@ONLINE{NVIDIA_Kepler,
author = {NVIDIA},
title = {NVIDIA Kepler Compute Architecture | High Performance Computing | NVIDIA},
month = May,
year = {2012},
url = {NVIDIA Kepler - http://www.nvidia.com/object/nvidia-kepler.html}
}
@ONLINE{Xeon_Phi_web,
author = {Intel},
title = {Intel® Many Integrated Core Architecture - Advanced},
month = May,
year = {2012},
url = {http://www.intel.com/content/www/us/en/architecture-and-technology/many-integrated-core/intel-many-integrated-core-architecture.html}
}
@ONLINE{AMD_web,
author = {AMD},
title = {OpenCL™ Zone | AMD},
month = May,
year = {2012},
url = {http://developer.amd.com/resources/heterogeneous-computing/opencl-zone/}
}

