@inproceedings{raicu2008toward,
  title={Toward loosely coupled programming on petascale systems},
  author={Raicu, Ioan and Zhang, Zhao and Wilde, Mike and Foster, Ian and Beckman, Pete and Iskra, Kamil and Clifford, Ben},
  booktitle={Proceedings of the 2008 ACM/IEEE conference on Supercomputing},
  pages={22},
  year={2008},
  organization={IEEE Press}
}

@MISC{kriederSC12,
  title = {Towards the Support for Many-Task Computing on Many-Core
                  Computing Platforms},
  author = {Scott J. Krieder and Ioan Raicu},
  howpublished = {Doctoral Showcase, IEEE/ACM Supercomputing/SC},
  year = 2012,
}

@ONLINE{NVIDIA_Kepler,
author = {NVIDIA},
title = {NVIDIA Kepler Compute Architecture | High Performance Computing | NVIDIA},
month = May,
year = {2012},
url = {NVIDIA Kepler - http://www.nvidia.com/object/nvidia-kepler.html}
}
@ONLINE{Xeon_Phi_web,
author = {Intel},
title = {Intel® Many Integrated Core Architecture - Advanced},
month = May,
year = {2012},
url = {http://www.intel.com/content/www/us/en/architecture-and-technology/many-integrated-core/intel-many-integrated-core-architecture.html}
}
@ONLINE{AMD_web,
author = {AMD},
title = {OpenCL™ Zone | AMD},
month = May,
year = {2012},
url = {http://developer.amd.com/resources/heterogeneous-computing/opencl-zone/}
}

